<record><leader>00000cas a22000007a 4500</leader><controlfield tag="001">15509105</controlfield><controlfield tag="008">870409d18801880pauwr ne      0    0eng d</controlfield><datafield ind1=" " ind2=" " tag="010"><subfield code="a">sn 87080511 </subfield></datafield><datafield ind1=" " ind2=" " tag="040"><subfield code="a">NPH</subfield><subfield code="b">eng</subfield><subfield code="c">NPH</subfield><subfield code="d">OCLCQ</subfield></datafield><datafield ind1=" " ind2=" " tag="042"><subfield code="a">msc</subfield></datafield><datafield ind1="0" ind2="0" tag="245"><subfield code="a">Oil City Sunday derrick.</subfield></datafield><datafield ind1="3" ind2="0" tag="246"><subfield code="a">Sunday derrick</subfield></datafield><datafield ind1=" " ind2=" " tag="260"><subfield code="a">Oil City, Pa. :</subfield><subfield code="b">W.H. Longwell &amp; Co.,</subfield><subfield code="c">1880.</subfield></datafield><datafield ind1=" " ind2=" " tag="300"><subfield code="a">v.</subfield></datafield><datafield ind1=" " ind2=" " tag="310"><subfield code="a">Weekly</subfield></datafield><datafield ind1="0" ind2=" " tag="362"><subfield code="a">Vol. 2, no. 1 (Feb. 1, 1880)-v. 2, no. 47 (Dec. 19, 1880).</subfield></datafield><datafield ind1=" " ind2=" " tag="752"><subfield code="a">United States</subfield><subfield code="b">Pennsylvania</subfield><subfield code="c">Venango</subfield><subfield code="d">Oil City.</subfield></datafield><datafield ind1="0" ind2=" " tag="775"><subfield code="t">Daily derrick</subfield><subfield code="w">(DLC)sn 84026124</subfield></datafield><datafield ind1="0" ind2=" " tag="775"><subfield code="t">Oil City derrick (Oil City, Pa. : Daily)</subfield><subfield code="w">(DLC)sn 84026125</subfield></datafield><datafield ind1="0" ind2="0" tag="780"><subfield code="t">Oil City weekly derrick (Oil City, Pa. : 1878)</subfield><subfield code="w">(DLC)sn 89077010</subfield></datafield><datafield ind1="0" ind2="0" tag="785"><subfield code="t">Oil City weekly derrick (Oil City, Pa. : 1880)</subfield><subfield code="w">(DLC)sn 87078022</subfield></datafield></record>